@ARTICLE{Beardsley+2017,
       author = {{Beardsley}, Adam P. and {Thyagarajan}, Nithyanandan and {Bowman}, Judd D. and {Morales}, Miguel F.},
        title = "{An efficient feedback calibration algorithm for direct imaging radio telescopes}",
      journal = {\mnras},
     keywords = {instrumentation: interferometers, techniques: image processing, techniques: interferometric, Astrophysics - Instrumentation and Methods for Astrophysics},
         year = 2017,
        month = oct,
       volume = {470},
       number = {4},
        pages = {4720-4731},
          doi = {10.1093/mnras/stx1512},
archivePrefix = {arXiv},
       eprint = {1603.02126},
 primaryClass = {astro-ph.IM},
       adsurl = {https://ui.adsabs.harvard.edu/abs/2017MNRAS.470.4720B},
      adsnote = {Provided by the SAO/NASA Astrophysics Data System}
}

@ARTICLE{Bochenek+2020,
       author = {{Bochenek}, C.~D. and {Ravi}, V. and {Belov}, K.~V. and {Hallinan}, G. and {Kocz}, J. and {Kulkarni}, S.~R. and {McKenna}, D.~L.},
        title = "{A fast radio burst associated with a Galactic magnetar}",
      journal = {\nat},
     keywords = {Astrophysics - High Energy Astrophysical Phenomena},
         year = 2020,
        month = nov,
       volume = {587},
       number = {7832},
        pages = {59-62},
          doi = {10.1038/s41586-020-2872-x},
archivePrefix = {arXiv},
       eprint = {2005.10828},
 primaryClass = {astro-ph.HE},
       adsurl = {https://ui.adsabs.harvard.edu/abs/2020Natur.587...59B},
      adsnote = {Provided by the SAO/NASA Astrophysics Data System}
}

@BOOK{Born-Wolf,
       author = {{Born}, Max and {Wolf}, Emil},
        title = "{Principles of Optics}",
         year = 1999,
       adsurl = {https://ui.adsabs.harvard.edu/abs/1999prop.book.....B},
      adsnote = {Provided by the SAO/NASA Astrophysics Data System}
}

@ARTICLE{Cornwell+2008,
       author = {{Cornwell}, T.~J. and {Golap}, K. and {Bhatnagar}, S.},
        title = "{The Noncoplanar Baselines Effect in Radio Interferometry: The W-Projection Algorithm}",
      journal = {IEEE Journal of Selected Topics in Signal Processing},
     keywords = {Astrophysics},
         year = 2008,
        month = nov,
       volume = {2},
       number = {5},
        pages = {647-657},
          doi = {10.1109/JSTSP.2008.2005290},
archivePrefix = {arXiv},
       eprint = {0807.4161},
 primaryClass = {astro-ph},
       adsurl = {https://ui.adsabs.harvard.edu/abs/2008ISTSP...2..647C},
      adsnote = {Provided by the SAO/NASA Astrophysics Data System}
}

@ARTICLE{Dewdney+2009,
       author = {{Dewdney}, P.~E. and {Hall}, P.~J. and {Schilizzi}, R.~T. and {Lazio}, T.~J.~L.~W.},
        title = "{The Square Kilometre Array}",
      journal = {IEEE Proceedings},
         year = 2009,
        month = aug,
       volume = {97},
       number = {8},
        pages = {1482-1496},
          doi = {10.1109/JPROC.2009.2021005},
       adsurl = {https://ui.adsabs.harvard.edu/abs/2009IEEEP..97.1482D},
      adsnote = {Provided by the SAO/NASA Astrophysics Data System}
}

@ARTICLE{Dowell+2018,
       author = {{Dowell}, Jayce and {Taylor}, Greg B.},
        title = "{The Swarm Telescope Concept}",
      journal = {Journal of Astronomical Instrumentation},
     keywords = {Telescopes, techniques: interferometric, methods: observational, Astrophysics - Instrumentation and Methods for Astrophysics},
         year = 2018,
        month = jan,
       volume = {7},
          eid = {1850006},
        pages = {1850006},
          doi = {10.1142/S225117171850006X},
archivePrefix = {arXiv},
       eprint = {1806.10634},
 primaryClass = {astro-ph.IM},
       adsurl = {https://ui.adsabs.harvard.edu/abs/2018JAI.....750006D},
      adsnote = {Provided by the SAO/NASA Astrophysics Data System}
}

@BOOK{Goodman2000,
       author = {{Goodman}, Joseph W.},
        title = "{Statistical Optics}",
         year = 2000,
       adsurl = {https://ui.adsabs.harvard.edu/abs/2000stop.book.....G},
      adsnote = {Provided by the SAO/NASA Astrophysics Data System}
}

@ARTICLE{Kent+2019,
       author = {{Kent}, James and {Dowell}, Jayce and {Beardsley}, Adam and {Thyagarajan}, Nithyanandan and {Taylor}, Greg and {Bowman}, Judd},
        title = "{A real-time, all-sky, high time resolution, direct imager for the long wavelength array}",
      journal = {\mnras},
     keywords = {instrumentation: interferometers, techniques: interferometric, telescopes, Astrophysics - Instrumentation and Methods for Astrophysics},
         year = 2019,
        month = jul,
       volume = {486},
       number = {4},
        pages = {5052-5060},
          doi = {10.1093/mnras/stz1206},
archivePrefix = {arXiv},
       eprint = {1904.11422},
 primaryClass = {astro-ph.IM},
       adsurl = {https://ui.adsabs.harvard.edu/abs/2019MNRAS.486.5052K},
      adsnote = {Provided by the SAO/NASA Astrophysics Data System}
}

@ARTICLE{Kent+2020,
       author = {{Kent}, James and {Beardsley}, Adam P. and {Bester}, Landman and {Gull}, Steve F. and {Nikolic}, Bojan and {Dowell}, Jayce and {Thyagarajan}, Nithyanandan and {Taylor}, Greg B. and {Bowman}, Judd},
        title = "{Direct wide-field radio imaging in real-time at high time resolution using antenna electric fields}",
      journal = {\mnras},
     keywords = {instrumentation: interferometers, techniques: image processing, techniques: interferometric, Astrophysics - Instrumentation and Methods for Astrophysics},
         year = 2020,
        month = jan,
       volume = {491},
       number = {1},
        pages = {254-263},
          doi = {10.1093/mnras/stz3028},
archivePrefix = {arXiv},
       eprint = {1909.03973},
 primaryClass = {astro-ph.IM},
       adsurl = {https://ui.adsabs.harvard.edu/abs/2020MNRAS.491..254K},
      adsnote = {Provided by the SAO/NASA Astrophysics Data System}
}

@ARTICLE{Krishnan+2023,
       author = {{Krishnan}, Harihanan and {Beardsley}, Adam P. and {Bowman}, Judd D. and {Dowell}, Jayce and {Kolopanis}, Matthew and {Taylor}, Greg and {Thyagarajan}, Nithyanandan},
        title = "{Optimization and commissioning of the EPIC commensal radio transient imager for the long wavelength array}",
      journal = {\mnras},
     keywords = {instrumentation: interferometers, telescopes, radio continuum: transients, Astrophysics - Instrumentation and Methods for Astrophysics},
         year = 2023,
        month = apr,
       volume = {520},
       number = {2},
        pages = {1928-1937},
          doi = {10.1093/mnras/stad263},
archivePrefix = {arXiv},
       eprint = {2301.09662},
 primaryClass = {astro-ph.IM},
       adsurl = {https://ui.adsabs.harvard.edu/abs/2023MNRAS.520.1928K},
      adsnote = {Provided by the SAO/NASA Astrophysics Data System}
}

@ARTICLE{Luo+2020,
       author = {{Luo}, Rui and {Men}, Yunpeng and {Lee}, Kejia and {Wang}, Weiyang and {Lorimer}, D.~R. and {Zhang}, Bing},
        title = "{On the FRB luminosity function - - II. Event rate density}",
      journal = {\mnras},
     keywords = {methods: data analysis, methods: statistical, stars: luminosity function, mass function, Astrophysics - High Energy Astrophysical Phenomena, Astrophysics - Cosmology and Nongalactic Astrophysics},
         year = 2020,
        month = may,
       volume = {494},
       number = {1},
        pages = {665-679},
          doi = {10.1093/mnras/staa704},
archivePrefix = {arXiv},
       eprint = {2003.04848},
 primaryClass = {astro-ph.HE},
       adsurl = {https://ui.adsabs.harvard.edu/abs/2020MNRAS.494..665L},
      adsnote = {Provided by the SAO/NASA Astrophysics Data System}
}

@ARTICLE{Masui+2019,
       author = {{Masui}, Kiyoshi W. and {Shaw}, J. Richard and {Ng}, Cherry and {Smith}, Kendrick M. and {Vanderlinde}, Keith and {Paradise}, Adiv},
        title = "{Algorithms for FFT Beamforming Radio Interferometers}",
      journal = {\apj},
     keywords = {instrumentation: interferometers, methods: observational, techniques: interferometric},
         year = 2019,
        month = jul,
       volume = {879},
       number = {1},
          eid = {16},
        pages = {16},
          doi = {10.3847/1538-4357/ab229e},
       adsurl = {https://ui.adsabs.harvard.edu/abs/2019ApJ...879...16M},
      adsnote = {Provided by the SAO/NASA Astrophysics Data System}
}

@ARTICLE{Morales2011,
       author = {{Morales}, Miguel F.},
        title = "{Enabling Next-Generation Dark Energy and Epoch of Reionization Radio Observatories with the MOFF Correlator}",
      journal = {\pasp},
     keywords = {Astrophysics, Astrophysics - Instrumentation and Methods for Astrophysics},
         year = 2011,
        month = nov,
       volume = {123},
       number = {909},
        pages = {1265},
          doi = {10.1086/663092},
archivePrefix = {arXiv},
       eprint = {0812.3669},
 primaryClass = {astro-ph},
       adsurl = {https://ui.adsabs.harvard.edu/abs/2011PASP..123.1265M},
      adsnote = {Provided by the SAO/NASA Astrophysics Data System}
}

@ARTICLE{Otobe+1994,
       author = {{Otobe}, Eiichiro and {Nakajima}, Junichi and {Nishibori}, Kazuhiko and {Saito}, Tomohiro and {Kobayashi}, Hiromi and {Tanaka}, Naoki and {Watanabe}, Naoki and {Aramaki}, Yoshitaka and {Hoshikawa}, Tomoyuki and {Asuma}, Kuniyuki and {Daishido}, Tsuneaki},
        title = "{Two-Dimensional Direct Images with a Spatial FFT Interferometer}",
      journal = {\pasj},
     keywords = {Calibrating, Crab Nebula, Error Analysis, Fast Fourier Transformations, Image Processing, Imaging Techniques, Radio Astronomy, Radio Emission, Instrument Errors, Phase Error, Pulsars, Radio Interferometers, Astronomy, INSTRUMENTATION: INTERFEROMETER, RADIO CONTINUUM: GENEREL, TECHNIQUES: IMAGE PROCESSING, TECHNIQUES: INTERFEROMETRIC},
         year = 1994,
        month = oct,
       volume = {46},
        pages = {503-510},
       adsurl = {https://ui.adsabs.harvard.edu/abs/1994PASJ...46..503O},
      adsnote = {Provided by the SAO/NASA Astrophysics Data System}
}

@ARTICLE{Sokolowski+2022,
       author = {{Sokolowski}, M. and {Tingay}, S.~J. and {Davidson}, D.~B. and {Wayth}, R.~B. and {Ung}, D. and {Broderick}, J. and {Juswardy}, B. and {Kovaleva}, M. and {Macario}, G. and {Pupillo}, G. and {Sutinjo}, A.},
        title = "{What is the SKA-Low sensitivity for your favourite radio source?}",
      journal = {\pasa},
     keywords = {astronomical databases: miscellaneous, instrumentation: interferometers, methods: numerical, telescopes, techniques: interferometric, Astrophysics - Instrumentation and Methods for Astrophysics},
         year = 2022,
        month = apr,
       volume = {39},
          eid = {e015},
        pages = {e015},
          doi = {10.1017/pasa.2021.63},
archivePrefix = {arXiv},
       eprint = {2204.05873},
 primaryClass = {astro-ph.IM},
       adsurl = {https://ui.adsabs.harvard.edu/abs/2022PASA...39...15S},
      adsnote = {Provided by the SAO/NASA Astrophysics Data System}
      }
      
@ARTICLE{Tegmark+2009,
       author = {{Tegmark}, Max and {Zaldarriaga}, Matias},
        title = "{Fast Fourier transform telescope}",
      journal = {\prd},
     keywords = {98.80.Es, Observational cosmology, Astrophysics, High Energy Physics - Phenomenology},
         year = 2009,
        month = apr,
       volume = {79},
       number = {8},
          eid = {083530},
        pages = {083530},
          doi = {10.1103/PhysRevD.79.083530},
archivePrefix = {arXiv},
       eprint = {0805.4414},
 primaryClass = {astro-ph},
       adsurl = {https://ui.adsabs.harvard.edu/abs/2009PhRvD..79h3530T},
      adsnote = {Provided by the SAO/NASA Astrophysics Data System}
}

@ARTICLE{Tegmark+2010,
       author = {{Tegmark}, Max and {Zaldarriaga}, Matias},
        title = "{Omniscopes: Large area telescope arrays with only NlogN computational cost}",
      journal = {\prd},
     keywords = {98.80.Es, Observational cosmology, Astrophysics - Cosmology and Extragalactic Astrophysics, Astrophysics - Instrumentation and Methods for Astrophysics},
         year = 2010,
        month = nov,
       volume = {82},
       number = {10},
          eid = {103501},
        pages = {103501},
          doi = {10.1103/PhysRevD.82.103501},
archivePrefix = {arXiv},
       eprint = {0909.0001},
 primaryClass = {astro-ph.CO},
       adsurl = {https://ui.adsabs.harvard.edu/abs/2010PhRvD..82j3501T},
      adsnote = {Provided by the SAO/NASA Astrophysics Data System}
}

@ARTICLE{Thyagarajan+2017,
       author = {{Thyagarajan}, Nithyanandan and {Beardsley}, Adam P. and {Bowman}, Judd D. and {Morales}, Miguel F.},
        title = "{A Generic and Efficient E-field Parallel Imaging Correlator for Next-Generation Radio Telescopes}",
      journal = {\mnras},
     keywords = {instrumentation: interferometers, techniques: image processing, techniques: interferometric, telescopes, Astrophysics - Instrumentation and Methods for Astrophysics},
         year = 2017,
        month = may,
       volume = {467},
       number = {1},
        pages = {715-730},
          doi = {10.1093/mnras/stx113},
archivePrefix = {arXiv},
       eprint = {1510.08318},
 primaryClass = {astro-ph.IM},
       adsurl = {https://ui.adsabs.harvard.edu/abs/2017MNRAS.467..715T},
      adsnote = {Provided by the SAO/NASA Astrophysics Data System}
}

@ARTICLE{Tingay+2013,
       author = {{Tingay}, S.~J. and {Goeke}, R. and {Bowman}, J.~D. and {Emrich}, D. and {Ord}, S.~M. and {Mitchell}, D.~A. and {Morales}, M.~F. and {Booler}, T. and {Crosse}, B. and {Wayth}, R.~B. and {Lonsdale}, C.~J. and {Tremblay}, S. and {Pallot}, D. and {Colegate}, T. and {Wicenec}, A. and {Kudryavtseva}, N. and {Arcus}, W. and {Barnes}, D. and {Bernardi}, G. and {Briggs}, F. and {Burns}, S. and {Bunton}, J.~D. and {Cappallo}, R.~J. and {Corey}, B.~E. and {Deshpande}, A. and {Desouza}, L. and {Gaensler}, B.~M. and {Greenhill}, L.~J. and {Hall}, P.~J. and {Hazelton}, B.~J. and {Herne}, D. and {Hewitt}, J.~N. and {Johnston-Hollitt}, M. and {Kaplan}, D.~L. and {Kasper}, J.~C. and {Kincaid}, B.~B. and {Koenig}, R. and {Kratzenberg}, E. and {Lynch}, M.~J. and {Mckinley}, B. and {Mcwhirter}, S.~R. and {Morgan}, E. and {Oberoi}, D. and {Pathikulangara}, J. and {Prabu}, T. and {Remillard}, R.~A. and {Rogers}, A.~E.~E. and {Roshi}, A. and {Salah}, J.~E. and {Sault}, R.~J. and {Udaya-Shankar}, N. and {Schlagenhaufer}, F. and {Srivani}, K.~S. and {Stevens}, J. and {Subrahmanyan}, R. and {Waterson}, M. and {Webster}, R.~L. and {Whitney}, A.~R. and {Williams}, A. and {Williams}, C.~L. and {Wyithe}, J.~S.~B.},
        title = "{The Murchison Widefield Array: The Square Kilometre Array Precursor at Low Radio Frequencies}",
      journal = {\pasa},
     keywords = {instrumentation: interferometers, techniques: image processing, techniques: interferometric, radio continuum: general, radio lines: general, early Universe, Astrophysics - Instrumentation and Methods for Astrophysics},
         year = 2013,
        month = jan,
       volume = {30},
          eid = {e007},
        pages = {e007},
          doi = {10.1017/pasa.2012.007},
archivePrefix = {arXiv},
       eprint = {1206.6945},
 primaryClass = {astro-ph.IM},
       adsurl = {https://ui.adsabs.harvard.edu/abs/2013PASA...30....7T},
      adsnote = {Provided by the SAO/NASA Astrophysics Data System}
}

@ARTICLE{vanHaarlem+2013,
       author = {{van Haarlem}, M.~P. and {Wise}, M.~W. and {Gunst}, A.~W. and {Heald}, G. and {McKean}, J.~P. and {Hessels}, J.~W.~T. and {de Bruyn}, A.~G. and {Nijboer}, R. and {Swinbank}, J. and {Fallows}, R. and {Brentjens}, M. and {Nelles}, A. and {Beck}, R. and {Falcke}, H. and {Fender}, R. and {H{\"o}randel}, J. and {Koopmans}, L.~V.~E. and {Mann}, G. and {Miley}, G. and {R{\"o}ttgering}, H. and {Stappers}, B.~W. and {Wijers}, R.~A.~M.~J. and {Zaroubi}, S. and {van den Akker}, M. and {Alexov}, A. and {Anderson}, J. and {Anderson}, K. and {van Ardenne}, A. and {Arts}, M. and {Asgekar}, A. and {Avruch}, I.~M. and {Batejat}, F. and {B{\"a}hren}, L. and {Bell}, M.~E. and {Bell}, M.~R. and {van Bemmel}, I. and {Bennema}, P. and {Bentum}, M.~J. and {Bernardi}, G. and {Best}, P. and {B{\^\i}rzan}, L. and {Bonafede}, A. and {Boonstra}, A. -J. and {Braun}, R. and {Bregman}, J. and {Breitling}, F. and {van de Brink}, R.~H. and {Broderick}, J. and {Broekema}, P.~C. and {Brouw}, W.~N. and {Br{\"u}ggen}, M. and {Butcher}, H.~R. and {van Cappellen}, W. and {Ciardi}, B. and {Coenen}, T. and {Conway}, J. and {Coolen}, A. and {Corstanje}, A. and {Damstra}, S. and {Davies}, O. and {Deller}, A.~T. and {Dettmar}, R. -J. and {van Diepen}, G. and {Dijkstra}, K. and {Donker}, P. and {Doorduin}, A. and {Dromer}, J. and {Drost}, M. and {van Duin}, A. and {Eisl{\"o}ffel}, J. and {van Enst}, J. and {Ferrari}, C. and {Frieswijk}, W. and {Gankema}, H. and {Garrett}, M.~A. and {de Gasperin}, F. and {Gerbers}, M. and {de Geus}, E. and {Grie{\ss}meier}, J. -M. and {Grit}, T. and {Gruppen}, P. and {Hamaker}, J.~P. and {Hassall}, T. and {Hoeft}, M. and {Holties}, H.~A. and {Horneffer}, A. and {van der Horst}, A. and {van Houwelingen}, A. and {Huijgen}, A. and {Iacobelli}, M. and {Intema}, H. and {Jackson}, N. and {Jelic}, V. and {de Jong}, A. and {Juette}, E. and {Kant}, D. and {Karastergiou}, A. and {Koers}, A. and {Kollen}, H. and {Kondratiev}, V.~I. and {Kooistra}, E. and {Koopman}, Y. and {Koster}, A. and {Kuniyoshi}, M. and {Kramer}, M. and {Kuper}, G. and {Lambropoulos}, P. and {Law}, C. and {van Leeuwen}, J. and {Lemaitre}, J. and {Loose}, M. and {Maat}, P. and {Macario}, G. and {Markoff}, S. and {Masters}, J. and {McFadden}, R.~A. and {McKay-Bukowski}, D. and {Meijering}, H. and {Meulman}, H. and {Mevius}, M. and {Middelberg}, E. and {Millenaar}, R. and {Miller-Jones}, J.~C.~A. and {Mohan}, R.~N. and {Mol}, J.~D. and {Morawietz}, J. and {Morganti}, R. and {Mulcahy}, D.~D. and {Mulder}, E. and {Munk}, H. and {Nieuwenhuis}, L. and {van Nieuwpoort}, R. and {Noordam}, J.~E. and {Norden}, M. and {Noutsos}, A. and {Offringa}, A.~R. and {Olofsson}, H. and {Omar}, A. and {Orr{\'u}}, E. and {Overeem}, R. and {Paas}, H. and {Pandey-Pommier}, M. and {Pandey}, V.~N. and {Pizzo}, R. and {Polatidis}, A. and {Rafferty}, D. and {Rawlings}, S. and {Reich}, W. and {de Reijer}, J. -P. and {Reitsma}, J. and {Renting}, G.~A. and {Riemers}, P. and {Rol}, E. and {Romein}, J.~W. and {Roosjen}, J. and {Ruiter}, M. and {Scaife}, A. and {van der Schaaf}, K. and {Scheers}, B. and {Schellart}, P. and {Schoenmakers}, A. and {Schoonderbeek}, G. and {Serylak}, M. and {Shulevski}, A. and {Sluman}, J. and {Smirnov}, O. and {Sobey}, C. and {Spreeuw}, H. and {Steinmetz}, M. and {Sterks}, C.~G.~M. and {Stiepel}, H. -J. and {Stuurwold}, K. and {Tagger}, M. and {Tang}, Y. and {Tasse}, C. and {Thomas}, I. and {Thoudam}, S. and {Toribio}, M.~C. and {van der Tol}, B. and {Usov}, O. and {van Veelen}, M. and {van der Veen}, A. -J. and {ter Veen}, S. and {Verbiest}, J.~P.~W. and {Vermeulen}, R. and {Vermaas}, N. and {Vocks}, C. and {Vogt}, C. and {de Vos}, M. and {van der Wal}, E. and {van Weeren}, R. and {Weggemans}, H. and {Weltevrede}, P. and {White}, S. and {Wijnholds}, S.~J. and {Wilhelmsson}, T. and {Wucknitz}, O. and {Yatawatta}, S. and {Zarka}, P. and {Zensus}, A. and {van Zwieten}, J.},
        title = "{LOFAR: The LOw-Frequency ARray}",
      journal = {\aap},
     keywords = {instrumentation: interferometers, radio continuum: general, radio lines: general, dark ages, reionization, first stars, telescopes, Astrophysics - Instrumentation and Methods for Astrophysics},
         year = 2013,
        month = aug,
       volume = {556},
          eid = {A2},
        pages = {A2},
          doi = {10.1051/0004-6361/201220873},
archivePrefix = {arXiv},
       eprint = {1305.3550},
 primaryClass = {astro-ph.IM},
       adsurl = {https://ui.adsabs.harvard.edu/abs/2013A&A...556A...2V},
      adsnote = {Provided by the SAO/NASA Astrophysics Data System}
}

@BOOK{TMS2017,
       author = {{Thompson}, A. Richard and {Moran}, James M. and
         {Swenson}, George W., Jr.},
        title = "{Interferometry and Synthesis in Radio Astronomy, 3rd Edition}",
    publisher = {Springer, Cham},
         year = 2017,
          doi = {10.1007/978-3-319-44431-4},
       adsurl = {https://ui.adsabs.harvard.edu/abs/2017isra.book.....T},
      adsnote = {Provided by the SAO/NASA Astrophysics Data System}
}

@ARTICLE{VanCittert1934,
       author = {{van Cittert}, P.~H.},
        title = "{Die Wahrscheinliche Schwingungsverteilung in Einer von Einer Lichtquelle Direkt Oder Mittels Einer Linse Beleuchteten Ebene}",
      journal = {Physica},
         year = 1934,
        month = jan,
       volume = {1},
       number = {1},
        pages = {201-210},
          doi = {10.1016/S0031-8914(34)90026-4},
       adsurl = {https://ui.adsabs.harvard.edu/abs/1934Phy.....1..201V},
      adsnote = {Provided by the SAO/NASA Astrophysics Data System}
}

@ARTICLE{Zernike1938,
       author = {{Zernike}, F.},
        title = "{The concept of degree of coherence and its application to optical problems}",
      journal = {Physica},
         year = 1938,
        month = aug,
       volume = {5},
       number = {8},
        pages = {785-795},
          doi = {10.1016/S0031-8914(38)80203-2},
       adsurl = {https://ui.adsabs.harvard.edu/abs/1938Phy.....5..785Z},
      adsnote = {Provided by the SAO/NASA Astrophysics Data System}
}

@ARTICLE{Zheng+2014,
       author = {{Zheng}, H. and {Tegmark}, M. and {Buza}, V. and {Dillon}, J.~S. and {Gharibyan}, H. and {Hickish}, J. and {Kunz}, E. and {Liu}, A. and {Losh}, J. and {Lutomirski}, A. and {Morrison}, S. and {Narayanan}, S. and {Perko}, A. and {Rosner}, D. and {Sanchez}, N. and {Schutz}, K. and {Tribiano}, S.~M. and {Valdez}, M. and {Yang}, H. and {Adami}, K. Zarb and {Zelko}, I. and {Zheng}, K. and {Armstrong}, R.~P. and {Bradley}, R.~F. and {Dexter}, M.~R. and {Ewall-Wice}, A. and {Magro}, A. and {Matejek}, M. and {Morgan}, E. and {Neben}, A.~R. and {Pan}, Q. and {Penna}, R.~F. and {Peterson}, C.~M. and {Su}, M. and {Villasenor}, J. and {Williams}, C.~L. and {Zhu}, Y.},
        title = "{MITEoR: a scalable interferometer for precision 21 cm cosmology}",
      journal = {\mnras},
     keywords = {instrumentation: interferometers, methods: data analysis, techniques: interferometric, cosmology: observations, dark ages, reionization, first stars, Astrophysics - Instrumentation and Methods for Astrophysics},
         year = 2014,
        month = dec,
       volume = {445},
       number = {2},
        pages = {1084-1103},
          doi = {10.1093/mnras/stu1773},
archivePrefix = {arXiv},
       eprint = {1405.5527},
 primaryClass = {astro-ph.IM},
       adsurl = {https://ui.adsabs.harvard.edu/abs/2014MNRAS.445.1084Z},
      adsnote = {Provided by the SAO/NASA Astrophysics Data System}
}

